<record xmlns="http://www.loc.gov/MARC21/slim" xmlns:xsi="http://www.w3.org/2001/XMLSchema-instance" xsi:schemaLocation="http://www.loc.gov/MARC21/slim http://www.loc.gov/standards/marcxml/schema/MARC21slim.xsd"><leader>01384nam a2200289   4500</leader><controlfield tag="001">001682863</controlfield><controlfield tag="003">NNU</controlfield><controlfield tag="006">m        d        </controlfield><controlfield tag="007">cr cn |||m|||a</controlfield><controlfield tag="008">140707s1968    iq      ob    00  0 ara</controlfield><datafield ind1=" " ind2=" " tag="040"><subfield code="a">NNU</subfield><subfield code="b">eng</subfield><subfield code="c">NNU</subfield></datafield><datafield ind1="1" ind2=" " tag="100"><subfield code="a">&#7716;asan, Mu&#7717;ammad &#699;Al&#299;.</subfield></datafield><datafield ind1="1" ind2="0" tag="245"><subfield code="a">D&#299;w&#257;n layl al-&#7779;abb</subfield><subfield code="h">[electronic resource] :</subfield><subfield code="b">majm&#363;&#699;at mu&#699;&#257;ra&#7693;&#257;t qa&#7779;&#299;dat /</subfield><subfield code="c">Ab&#299; al-&#7716;asan al-&#7716;u&#7779;r&#299; al-Qayraw&#257;n&#299; ; &#699;uniy&#225; bi-jam&#699;ih&#257; wa-shar&#7717; mufrad&#257;tih&#257; Mu&#7717;ammad &#699;Al&#299; &#7716;asan.</subfield></datafield><datafield ind1=" " ind2=" " tag="250"><subfield code="a">al-&#7788;ab&#699;ah 1.</subfield></datafield><datafield ind1=" " ind2=" " tag="260"><subfield code="a">Baghd&#257;d :</subfield><subfield code="b">[s.n.],</subfield><subfield code="c">1968.</subfield></datafield><datafield ind1=" " ind2=" " tag="300"><subfield code="a">online resource (166 p.)</subfield></datafield><datafield ind1=" " ind2=" " tag="500"><subfield code="a">Includes al-&#7716;u&#7779;r&#299;'s qa&#7779;&#299;dah entitled: Y&#257; layl al-&#7779;abb.</subfield></datafield><datafield ind1=" " ind2=" " tag="500"><subfield code="a">Part of the Arabic Collections Online (ACO) project, contributed by New York Univeristy Libraries.</subfield></datafield><datafield ind1=" " ind2=" " tag="504"><subfield code="a">Bibliographical footnotes.</subfield></datafield><datafield ind1=" " ind2=" " tag="533"><subfield code="a">Electronic reproduction.</subfield><subfield code="b">New York, N.Y. :</subfield><subfield code="c">New York University,</subfield><subfield code="d">2014.</subfield><subfield code="5">NNU</subfield></datafield><datafield ind1=" " ind2="0" tag="650"><subfield code="a">Arabic poetry</subfield><subfield code="y">1801-</subfield></datafield><datafield ind1="1" ind2=" " tag="700"><subfield code="a">&#7716;u&#7779;r&#299;, Ab&#363; al-&#7716;asan &#699;Al&#299; ibn &#699;Abd al-Ghan&#299;,</subfield><subfield code="d">d. 1095.</subfield><subfield code="t">Y&#257; layl al-&#7779;abb.</subfield></datafield><datafield ind1="2" ind2=" " tag="710"><subfield code="a">New York University.</subfield><subfield code="b">Libraries.</subfield></datafield><datafield ind1="0" ind2=" " tag="730"><subfield code="a">Arabic Collections Online.</subfield></datafield><datafield ind1="0" ind2="8" tag="776"><subfield code="i">Print version:</subfield><subfield code="a">&#7716;asan, Mu&#7717;ammad &#699;Al&#299;.</subfield><subfield code="t">D&#299;w&#257;n layl al-&#7779;abb</subfield><subfield code="w">(NNU)001682863</subfield><subfield code="w">(DLC)ne 68004093</subfield></datafield><datafield ind1="4" ind2="0" tag="856"><subfield code="u">http://hdl.handle.net/2333.1/q83bk5dt</subfield></datafield><datafield ind1=" " ind2=" " tag="959"><subfield code="a">NNU</subfield><subfield code="b">WEB</subfield><subfield code="c">GENI</subfield><subfield code="t">0</subfield><subfield code="m">Electronic access</subfield><subfield code="s">01</subfield></datafield></record>